@book{barton1994scientific,
  title={Scientific and Engineering C++: an introduction with advanced techniques and examples},
  author={Barton, John J and Nackman, Lee R},
  year={1994},
  publisher={Addison-Wesley Longman Publishing Co., Inc.}
}
@book{ellis1990annotated,
  title={The annotated C++ reference manual},
  author={Ellis, Margaret A and Stroustrup, Bjarne},
  year={1990},
  publisher={Addison-Wesley}
}
@book{coplien1992advanced,
  title={Advanced C++: programming styles and idioms},
  author={Coplien, James O},
  year={1992},
  publisher={Addison-Wesley Longman Publishing Co., Inc.}
}